@manual{NBR10520:2002,
	Address = {Rio de Janeiro},
	Month = {08},
	Org-Short = {ABNT},
	Organization = {Associação Brasileira de Normas Técnicas},
	Subtitle = {Informação e documentação --- Citações
	em documentos --- Apresentação},
	Title = {{NBR} 10520},
	Year = 2002}

@manual{NBR6023:2002,
	Address = {Rio de Janeiro},
	Month = {08},
	Org-Short = {ABNT},
	Organization = {Associação Brasileira de Normas Técnicas},
	Subtitle = {Informação e documentação --- Referências --- Apresentação},
	Title = {{NBR} 6023},
	Year = 2002}

@manual{NBR6024:2012,
	Address = {Rio de Janeiro},
	Month = {02},
	Org-Short = {ABNT},
	Organization = {Associação Brasileira de Normas Técnicas},
	Subtitle = {Informação e documentação --- Numeração progressiva das seções de um documento escrito --- Apresentação},
	Title = {{NBR} 6024},
	Year = 2012}

@manual{NBR6027:2012,
	Address = {Rio de Janeiro},
	Month = {12},
	Org-Short = {ABNT},
	Organization = {Associação Brasileira de Normas Técnicas},
	Subtitle = {Informação e documentação --- Sumário --- Apresentação},
	Title = {{NBR} 6027},
	Year = 2012}

@manual{NBR6028:2003,
	Address = {Rio de Janeiro},
	Month = {11},
	Org-Short = {ABNT},
	Organization = {Associação Brasileira de Normas Técnicas},
	Subtitle = {Informação e documentação --- Resumo --- Apresentação},
	Title = {{NBR} 6028},
	Year = 2003}

@manual{NBR14724:2011,
	Address = {Rio de Janeiro},
	Month = {03},
	Org-Short = {ABNT},
	Organization = {Associação Brasileira de Normas Técnicas},
	Subtitle = {Informação e documentação --- Trabalhos acadêmicos --- Apresentação},
	Title = {{NBR} 14724},
	Year = 2011}

@book{ibge1993,
	Address = {Rio de Janeiro},
	Author = {IBGE},
	Edition = {3},
	Org-Short = {IBGE},
	Organization = {Fundação Instituto Brasileiro de Geografia e Estatística},
	Publisher = {Centro de Documentação e Disseminação de Informações.},
	Title = {Normas de apresentação tabular},
	Url = {http://biblioteca.ibge.gov.br/visualizacao/livros/liv23907.pdf},
	urldate = {2019-08-16},
	Year = {1993}}

@book{ibge2016,
	Address = {Rio de Janeiro},
	Author = {IBGE},
	Edition = {2},
	Org-Short = {IBGE},
	Organization = {Instituto Brasileiro de Geografia e Estatística},
	Title = {Arranjos populacionais e concentrações urbanas no Brasil},
	Url = {https://biblioteca.ibge.gov.br/visualizacao/livros/liv99700.pdf},
	urldate = {2019-08-16},
	Year={2016}}

@manual{abntex2classe,
	Author = {Lauro César Araujo},
	Organization = {Equipe abnTeX2},
	Title = {A classe abntex2},
	Subtitle = {Modelo canônico de trabalhos acadêmicos brasileiros compatível com as normas ABNT NBR 14724:2011, ABNT NBR 6024:2012 e outras},
	Url = {http://www.abntex.net.br/},
	urldate = {2019-08-16},
	Year = {2015}}

@article{deus_residuos_2015,
	title = {Resíduos sólidos no {Brasil}: contexto, lacunas e tendências},
	volume = {20},
	issn = {1413-4152},
	shorttitle = {Resíduos sólidos no {Brasil}},
	url = {http://www.scielo.br/scielo.php?script=sci_arttext&pid=S1413-41522015000400685&lng=pt&tlng=pt},
	doi = {10.1590/S1413-41522015020040129347},
	abstract = {RESUMO O tema resíduos sólidos está em evidência na sociedade moderna, fato observado pela recente implantação da diretiva europeia, e no Brasil, com a criação da Política Nacional de Resíduos Sólidos. Entender o impacto dessa política na produção científica nacional é essencial para traçar novos rumos e tendências de pesquisa. Por meio de um estudo bibliométrico e cientométrico, esta pesquisa traçou o contexto nacional e global dos últimos 20 anos e encontrou áreas em que as pesquisas avançaram, como em resíduos sólidos urbanos, e lacunas essenciais para desenvolver mais o estado-da-arte nacional, como resíduos sólidos do transporte. Assim, os resultados encontrados fazem deste estudo uma ferramenta plausível como justificativa para novas pesquisas no tema.
          , 
            ABSTRACT The theme of solid waste is in high evidence today, a fact noted by the recent implementation of the European directive, and in Brazil, by the National Solid Waste Policy. Understanding the impact of this policy on the national scientific production is essential to plan new directions and research trends. Through a bibliometric and scientometric studied, this research analyzed the national and global context of the last 20 years and found areas in which research progressed, as municipal solid waste, and essentials gaps to develop more the national state-of-the-art, as solid waste of transport. So, the results of this study are a plausible tool to justify for further research on this topic.},
	number = {4},
	urldate = {2023-11-23},
	journal = {Engenharia Sanitaria e Ambiental},
	author = {Deus, Rafael Mattos and Battistelle, Rosane Aparecida Gomes and Silva, Gustavo Henrique Ribeiro},
	month = dec,
	year = {2015},
	pages = {685--698},
	file = {Texto completo:C\:\\Users\\Thiago\\Zotero\\storage\\NRVCCE2S\\Deus et al. - 2015 - Resíduos sólidos no Brasil contexto, lacunas e te.pdf:application/pdf},
}
@incollection{santiago_gestao_2016,
	title = {Gestão de {Resíduos} {Sólidos} no {Brasil}: histórico, diretrizes nacionais e perspectivas para os municípios},
	isbn = {978-607-8459-30-8},
	shorttitle = {Gestão de {Resíduos} {Sólidos} no {Brasil}},
	abstract = {O capítulo do livro Visiones iberoamericanas hacia el hábitat sustentable intitulado "Gestão de Resíduos Sólidos no Brasil: histórico, diretrizes nacionais e perspectivas para os municípios" apresenta um histórico da gestão de resíduos sólidos no país, discutindo as características principais dos modelos de gestão que marcaram diferentes períodos. As soluções adotadas modificam-se de acordo com a diversificação dos resíduos sólidos gerados, bem como as mudanças de visão sobre a temática 'resíduos sólidos'. Os modelos de gestão de serviços também são influenciados por fatores sócio-políticos e institucionais. São discutidos também os impactos socioambientais das práticas de gestão de resíduos sólidos brasileiras. A análise é feita a partir dos estudos de caso de São Paulo e Rio de Janeiro e busca, a partir do histórico e panorama atual, apontar possíveis perspectivas para o setor.},
	author = {Santiago, Cristine and Pugliesi, Erica},
	month = jan,
	year = {2016},
	pages = {111--134},
	file = {Full Text PDF:C\:\\Users\\Thiago\\Zotero\\storage\\HJQGRTCI\\Santiago e Pugliesi - 2016 - Gestão de Resíduos Sólidos no Brasil histórico, d.pdf:application/pdf},
}

@incollection{diagnostico_cristine,
	title = {Diagnóstico de resíduos sólidos industriais em Santa Catarina a partir de Manifestos de Transporte de Resíduos visando sua reutilização ou reciclagem},
	author = {Grasselli, Cristine},
	year = {2023},
	file = {Full Text PDF:C\:\\Users\\Thiago\\Zotero\\storage\\HJQGRTCI\\Santiago e Pugliesi - 2016 - Gestão de Resíduos Sólidos no Brasil histórico, d.pdf:application/pdf},
}


@misc{noauthor_directiva_1999,
	title = {Directiva 1999/31/{CE} do {Conselho}, de 26 de {Abril} de 1999, relativa à deposição de resíduos em aterros},
	volume = {182},
	url = {http://data.europa.eu/eli/dir/1999/31/oj/por},
	author={EUROPA},
	language = {pt},
	urldate = {2023-11-23},
	month = apr,
	year = {1999},
	file = {EUR-Lex HTML (PT):C\:\\Users\\Thiago\\Zotero\\storage\\QXJ4R6N4\\HTML.html:text/html;EUR-Lex PDF (PT):C\:\\Users\\Thiago\\Zotero\\storage\\KA7TN7TX\\1999 - Directiva 199931CE do Conselho, de 26 de Abril d.pdf:application/pdf},
}

@misc{noauthor_directive_2018,
	title = {Directive 2008/98/{EC} of the {European} {Parliament} and of the {Council} of 19 {November} 2008 on waste and repealing certain {Directives} ({Text} with {EEA} relevance)},
	url = {http://data.europa.eu/eli/dir/2008/98/2018-07-05/eng},
	language = {en},
	urldate = {2023-11-23},
	author={EUROPA},
	month = jul,
	year = {2008},
	file = {EUR-Lex HTML (EN):C\:\\Users\\Thiago\\Zotero\\storage\\6XPQWGIT\\HTML.html:text/html;EUR-Lex PDF (EN):C\:\\Users\\Thiago\\Zotero\\storage\\ZPHHSKPV\\2018 - Directive 200898EC of the European Parliament an.pdf:application/pdf},
}


@misc{brasil_lei_nodate,
	title = {{LEI} {Nº} 12.305, {DE} 2 {DE} {AGOSTO} {DE} 2010.},
	language = {pt},
	url = {https://www.planalto.gov.br/ccivil_03/_ato2007-2010/2010/lei/l12305.htm},
	author = {Brasil},
	year = {2010},
	file = {httpwww.planalto.gov.brccivil_03_ato2007-2010.pdf:C\:\\Users\\Thiago\\Zotero\\storage\\KUIG57MB\\httpwww.planalto.gov.brccivil_03_ato2007-2010.pdf:application/pdf},
}


@misc{brasil_decreto_2022,
	title = {{DECRETO} {Nº} 10.936, {DE} 12 {DE} {JANEIRO} {DE} 2022},
	url = {http://www.planalto.gov.br/ccivil_03/_ato2019-2022/2022/decreto/D10936.htm},
	urldate = {2023-11-23},
	author = {Brasil},
	year = {2022},
	file = {D10936:C\:\\Users\\Thiago\\Zotero\\storage\\TTYLP4HG\\D10936.html:text/html},
}

@misc{crea_sc_destino_2013,
	title = {Destino de resíduos sólidos de {Santa} {Catarina} é referência no {Brasil}},
	url = {https://portal.crea-sc.org.br/destino-de-residuos-solidos-de-santa-catarina-e-referencia-no-brasil/},
	abstract = {Embora o estado não possua lixões, ainda é preciso investir na coleta seletiva para diminuir o impacto ambiental},
	language = {pt-BR},
	urldate = {2023-11-23},
	journal = {CREA-SC},
	author = {Crea-SC},
	month = may,
	year = {2013},
	file = {Snapshot:C\:\\Users\\Thiago\\Zotero\\storage\\3T4JCICE\\destino-de-residuos-solidos-de-santa-catarina-e-referencia-no-brasil.html:text/html},
}

@misc{noauthor_sustainable_nodate,
	title = {Sustainable {Development} {Goal} 9: {Indústria}, inovação e infraestrutura {\textbar} {As} {Nações} {Unidas} no {Brasil}},
	shorttitle = {Sustainable {Development} {Goal} 9},
	url = {https://brasil.un.org/pt-br/sdgs/9},
	author = {ONU},
	language = {pt-br},
	urldate = {2023-11-24},
	file = {Snapshot:C\:\\Users\\Thiago\\Zotero\\storage\\75MYKYEJ\\9.html:text/html},
}

@misc{sinir_sinir_nodate,
	title = {{SINIR}+ {\textbar} {Sistema} {Nacional} de {Informações} sobre a {Gestão} de {Resíduos} {Sólidos}},
	url = {https://sinir.gov.br/informacoes/tipos-de-residuos/residuos-industriais/},
	urldate = {2023-11-24},
	year = {2023},
	author = {SINIR},
	file = {SINIR+ | Sistema Nacional de Informações sobre a Gestão de Resíduos Sólidos:C\:\\Users\\Thiago\\Zotero\\storage\\DVD469XG\\residuos-industriais.html:text/html},
}

@misc{noauthor_destinacao_nodate,
	title = {Destinação {Final} de {Resíduos} - {Grupo} {Interação} - {Soluções} {Ambientais}},
	url = {https://grupo-interacao.com/solucoes-para-sua-empresa/destinacao-final-de-residuos/},
	abstract = {O Grupo interação conta com as principais tecnologias de destinação final de resíduos: como Reciclagem, Beneficiamento, Blendagem, Coprocessamento, etc},
	language = {pt-BR},
	author = {Grupo Interação},
	urldate = {2023-11-24},
	journal = {Grupo Interação},
}

@misc{brasil_decreto_2020,
	title = {{DECRETO} {Nº} 10.340, 2020},
	url = {https://www.planalto.gov.br/ccivil_03/_Ato2019-2022/2020/Decreto/D10340.htm#art1},
	urldate = {2023-11-24},
	author = {BRASIL},
	year = {2020},
	file = {D10340:C\:\\Users\\Thiago\\Zotero\\storage\\BTIQ2VL2\\D10340.html:text/html},
}


@misc{noauthor_legislacao_2023,
	title = {Legislação {\textbar} {Reciclus}},
	url = {https://reciclus.org.br/legislacao/},
	abstract = {A Lei nº 12.305/10 instituiu a PNRS (Política Nacional de Resíduos Sólidos), sendo considerada atual e colocando o País no mesmo patamar de economias mais},
	language = {pt-BR},
	urldate = {2023-11-24},
	author = {RECICLUS},
	month = jun,
	year = {2023},
	file = {Snapshot:C\:\\Users\\Thiago\\Zotero\\storage\\4LGJ2ZAA\\legislacao.html:text/html},
}


@misc{abren_abren_2021,
	title = {{ABREN}},
	url = {https://abren.org.br/},
	abstract = {A Associação Brasileira de Recuperação Energética de Resíduos (ABREN) tem como objetivo fomentar a recuperação energética de resíduos, resolvendo simultaneamente dois grandes problemas atuais do Brasil e do mundo: a destinação dos resíduos sólidos e a geração de energia limpa.},
	language = {pt-BR},
	urldate = {2023-11-24},
	journal = {ABREN Associação Brasileira de Recuperação Energética de Resíduos},
	author = {ABREN},
	month = may,
	year = {2021},
	file = {Snapshot:C\:\\Users\\Thiago\\Zotero\\storage\\WZ754478\\a-recuperacao-e-a-valorizacao-energetica-de-residuos-solidos-estadao.html:text/html},
}


@misc{casan_ete_2023,
	title = {{ETE} - {ESTAÇÃO} {DE} {TRATAMENTO} {DE} {ESGOTOS} {SANITÁRIOS}},
	url = {https://www.casan.com.br/menu-conteudo/index/url/ete-estacao-de-tratamento-de-esgotos-sanitarios#0},
	urldate = {2023-11-24},
	author = {CASAN},
	year = {2023},
	file = {CASAN - Companhia Catarinense de Águas e Saneamento:C\:\\Users\\Thiago\\Zotero\\storage\\GVBB97KM\\ete-estacao-de-tratamento-de-esgotos-sanitarios.html:text/html},
}


@misc{abnt_abnt_2004,
	title = {{ABNT} {NBR} 10004:2004 {Resíduos} sólidos - {Classificação}},
	url = {https://www.abntcolecao.com.br/normavw.aspx?Q=T0pJNTgyRndVYVcwSlFFSy9lR1RVaGRYN3JCZGJGcTE=},
	urldate = {2023-11-24},
	author = {ABNT},
	year = {2004},
}

@misc{noauthor_legislacao_conama_2005,
	title = {RESOLUÇÃO CONAMA nº 358, de 29 de abril de 2005},
	url = {https://conama.mma.gov.br/?option=com_sisconama&task=arquivo.download&id=453},
	language = {pt-BR},
	urldate = {2023-11-24},
	author = {CONAMA},
	month = jun,
	year = {2005},
	file = {Snapshot:C\:\\Users\\Thiago\\Zotero\\storage\\4LGJ2ZAA\\legislacao.html:text/html},
}

@misc{noauthor_instrucao_ibama,
	title = {INSTRUÇÃO NORMATIVA Nº 13, DE 18 DE DEZEMBRO DE 2012.},
	url = {https://www.gov.br/ibama/pt-br/assuntos/emissoes-e-residuos/residuos/arquivos/ibama-lista-brasileira-de-residuos-solidos.doc},
	language = {pt-BR},
	urldate = {2023-11-24},
	author = {IBAMA},
	year = {2012},
	file = {Snapshot:C\:\\Users\\Thiago\\Zotero\\storage\\4LGJ2ZAA\\legislacao.html:text/html},
}